<?xml version="1.0" encoding="UTF-8"?><record xmlns="http://www.loc.gov/MARC21/slim" xmlns:cinclude="http://apache.org/cocoon/include/1.0" xmlns:zs="http://www.loc.gov/zing/srw/">
  <leader>00507nz  a2200133n  4500</leader>
  <controlfield tag="001">no2001072381</controlfield>
  <controlfield tag="003">DLC</controlfield>
  <controlfield tag="005">20010912071023.0</controlfield>
  <controlfield tag="008">010911n| acannaabn          |n ana      </controlfield>
  <datafield tag="010" ind1=" " ind2=" ">
    <subfield code="a">no2001072381</subfield>
  </datafield>
  <datafield tag="035" ind1=" " ind2=" ">
    <subfield code="a">(OCoLC)oca05579324</subfield>
  </datafield>
  <datafield tag="040" ind1=" " ind2=" ">
    <subfield code="a">DLC-OK</subfield>
    <subfield code="b">eng</subfield>
    <subfield code="c">DLC-OK</subfield>
  </datafield>
  <datafield tag="110" ind1="1" ind2=" ">
    <subfield code="a">Mozambique.</subfield>
    <subfield code="b">Direcção de Estatísticas Demográficas, Vitais e Sociais</subfield>
  </datafield>
  <datafield tag="670" ind1=" " ind2=" ">
    <subfield code="a">II recenseamento geral da população e habitação, 1997:</subfield>
    <subfield code="b">cover (Direcção de Estatísticas Demográficas, Vitais e Sociais [Mozambique])</subfield>
  </datafield>
</record>